


@article{2016arXiv160901596N,
       author = {{N{\o}kland}, Arild},
        title = "{Direct Feedback Alignment Provides Learning in Deep Neural Networks}",
      journal = {arXiv e-prints},
     keywords = {Statistics - Machine Learning, Computer Science - Machine Learning},
         year = 2016,
        month = sep,
          eid = {arXiv:1609.01596},
        pages = {arXiv:1609.01596},
          doi = {10.48550/arXiv.1609.01596},
archivePrefix = {arXiv},
       eprint = {1609.01596},
 primaryClass = {stat.ML},
       adsurl = {https://ui.adsabs.harvard.edu/abs/2016arXiv160901596N},
      adsnote = {Provided by the SAO/NASA Astrophysics Data System}
}



@article{mcculloch43a,
  added-at = {2008-02-26T11:58:58.000+0100},
  author = {Mcculloch, Warren and Pitts, Walter},
  biburl = {https://www.bibsonomy.org/bibtex/26fbacb0ae04bc17d296d9265dfc90dff/schaul},
  citeulike-article-id = {2380493},
  description = {idsia},
  interhash = {3e8e0d06f376f3eb95af89d5a2f15957},
  intrahash = {6fbacb0ae04bc17d296d9265dfc90dff},
  journal = {Bulletin of Mathematical Biophysics},
  keywords = {evolutionary},
  title = {A Logical Calculus of Ideas Immanent in Nervous Activity},
  volume = 5,
  year = 1943
}



@article{rosenblatt1958perceptron,
  author       = {Rosenblatt, Frank},
  title        = {{The Perceptron: A Probabilistic Model for Information Storage and Organization in the Brain}},
  journal      = {Psychological Review},
  year         = {1958}
}